<?xml version="1.0" encoding="UTF-8"?>
<?xml-stylesheet type="text/xsl" href="http://invenio.nusl.cz/css/oai2.xsl.v1.0" ?>
<OAI-PMH xmlns="http://www.openarchives.org/OAI/2.0/" xmlns:xsi="http://www.w3.org/2001/XMLSchema-instance" xsi:schemaLocation="http://www.openarchives.org/OAI/2.0/ http://www.openarchives.org/OAI/2.0/OAI-PMH.xsd">
    <responseDate>2019-10-18T14:25:12Z</responseDate>
    <request verb="ListRecords" metadataPrefix="marcxml">http://invenio.nusl.cz/oai2d</request>
    <ListRecords>
        <record>
            <header>
                <identifier>oai:invenio.nusl.cz:1</identifier>
                <datestamp>2018-10-04T12:10:28Z</datestamp>
                <setSpec>opengrey</setSpec>
                <setSpec>base</setSpec>
                <setSpec>DRIVER</setSpec>
                <setSpec>global</setSpec>
                <setSpec>openaire</setSpec>
            </header>
            <metadata>
                <marc:record xmlns:marc="http://www.loc.gov/MARC21/slim" xmlns:xsi="http://www.w3.org/2001/XMLSchema-instance" xsi:schemaLocation="http://www.loc.gov/MARC21/slim http://www.loc.gov/standards/marcxml/schema/MARC21slim.xsd" type="Bibliographic">
                    <marc:leader>00000coc  2200000uu 4500</marc:leader>
                    <marc:controlfield tag="001">1</marc:controlfield>
                    <marc:controlfield tag="005">20181004141028.0</marc:controlfield>
                    <marc:controlfield tag="008">101123n||||||||xx#||||#|||z|#||||||cze||</marc:controlfield>
                    <marc:datafield tag="024" ind1="8" ind2=" ">
                        <marc:subfield code="a">nusl-1</marc:subfield>
                    </marc:datafield>
                    <marc:datafield tag="041" ind1="0" ind2="7">
                        <marc:subfield code="a">cze</marc:subfield>
                    </marc:datafield>
                    <marc:datafield tag="046" ind1=" " ind2=" ">
                        <marc:subfield code="k">2008</marc:subfield>
                    </marc:datafield>
                    <marc:datafield tag="245" ind1="0" ind2="0">
                        <marc:subfield code="a">Území měst jako habitat chránící kvalitu života</marc:subfield>
                        <marc:subfield code="b">Urban areas as the habitat protecting quality of the life</marc:subfield>
                    </marc:datafield>
                    <marc:datafield tag="300" ind1=" " ind2=" ">
                        <marc:subfield code="a">26 s.</marc:subfield>
                    </marc:datafield>
                    <marc:datafield tag="340" ind1=" " ind2=" ">
                        <marc:subfield code="a">text/pdf</marc:subfield>
                    </marc:datafield>
                    <marc:datafield tag="506" ind1=" " ind2=" ">
                        <marc:subfield code="a">Public</marc:subfield>
                    </marc:datafield>
                    <marc:datafield tag="520" ind1=" " ind2=" ">
                        <marc:subfield code="9">cze</marc:subfield>
                        <marc:subfield code="a">Článek je na motto Jon Rodieka "Měnící se podmínky a kritéria pro „dobrý návrh prostředí“ jsou výzvou k formulaci klíčových aspektů budoucí výuky. V historii to byly: v 19. století tvůrčí talent, ve 20. století technické inovace a mezioborová týmová práce. Pro 21. století je klíčovým tématem – vztah lidí a jejich prostředí." Rodiek tak proponuje vytvořit vědu o lidském habitatu. Práce je určena nastupující generaci urbanistů a administrátorů správy území a územních zdrojů. Cílem článku je zvýšit pozornost městům jako "habitatu lidí", jako komplexně působícího prostředí pro lidstvo jako druh. Článek sleduje z hlediska urbanismu jak a s jakými výsledky se řídí rozvoj sídel v mimoevropských zemích, zejm. v USA.  Habitat lidí se mění rychleji než habitat ostatní přírody. Lidé a jejich skupiny se umějí rychle psychicky i fysicky přizpůsobovat změnám, které sami způsobují - pokud se nedotknou jejich přírodního základu. Pak změnami trpí, stejně jako ostatní příroda, a "habitatu lidí" vyžaduje si dobrou teorii i praxi.   Článek chce také napomoci k zacelení mezer v relevantních odborných znalostech urbanistů a územních plánovačů, které se ještě koncem 20. století ve východní střední Evropě daly získat jen obtížně.  Rukopis článku byl v r. 2005 předán prof. M. Dullovi pro redakci časopisu "Architektúra a Urbanizmus", který byl vydáván Slovenskou akademií vied. Článek nebyl publikován.</marc:subfield>
                    </marc:datafield>
                    <marc:datafield tag="540" ind1=" " ind2=" ">
                        <marc:subfield code="9">cze</marc:subfield>
                        <marc:subfield code="a">Dílo je chráněno podle autorského zákona č. 121/2000 Sb.</marc:subfield>
                    </marc:datafield>
                    <marc:datafield tag="540" ind1=" " ind2=" ">
                        <marc:subfield code="9">cze</marc:subfield>
                        <marc:subfield code="a">Licence Creative Commons Uveďte autora-Nezasahujte do díla 3.0 Česko</marc:subfield>
                    </marc:datafield>
                    <marc:datafield tag="540" ind1=" " ind2=" ">
                        <marc:subfield code="9">eng</marc:subfield>
                        <marc:subfield code="a">This work is protected under the Copyright Act No. 121/2000 Coll.</marc:subfield>
                    </marc:datafield>
                    <marc:datafield tag="540" ind1=" " ind2=" ">
                        <marc:subfield code="9">eng</marc:subfield>
                        <marc:subfield code="a">License: Creative Commons Attribution-NoDerivs 3.0 Czech Republic</marc:subfield>
                    </marc:datafield>
                    <marc:datafield tag="650" ind1=" " ind2="7">
                        <marc:subfield code="2">PSH</marc:subfield>
                        <marc:subfield code="a">urbanismus</marc:subfield>
                        <marc:subfield code="j">city planning</marc:subfield>
                        <marc:subfield code="0">http://psh.ntkcz.cz/skos/PSH262</marc:subfield>
                    </marc:datafield>
                    <marc:datafield tag="653" ind1="0" ind2=" ">
                        <marc:subfield code="a">urban planning</marc:subfield>
                    </marc:datafield>
                    <marc:datafield tag="653" ind1="0" ind2=" ">
                        <marc:subfield code="a">architecture</marc:subfield>
                    </marc:datafield>
                    <marc:datafield tag="655" ind1=" " ind2="7">
                        <marc:subfield code="2">DCMI typ dokumentu</marc:subfield>
                        <marc:subfield code="a">Text</marc:subfield>
                    </marc:datafield>
                    <marc:datafield tag="655" ind1=" " ind2="7">
                        <marc:subfield code="2">NUŠL typ dokumentu</marc:subfield>
                        <marc:subfield code="a">Preprinty</marc:subfield>
                    </marc:datafield>
                    <marc:datafield tag="720" ind1=" " ind2=" ">
                        <marc:subfield code="a">Moučka, Jan</marc:subfield>
                    </marc:datafield>
                    <marc:datafield tag="856" ind1="4" ind2=" ">
                        <marc:subfield code="u">http://invenio.nusl.cz/record/1/files/nusl-1_1.pdf</marc:subfield>
                        <marc:subfield code="z">Plný text</marc:subfield>
                    </marc:datafield>
                    <marc:datafield tag="856" ind1="4" ind2="0">
                        <marc:subfield code="u">http://www.nusl.cz/ntk/nusl-1</marc:subfield>
                        <marc:subfield code="z">PID NUŠL</marc:subfield>
                    </marc:datafield>
                    <marc:datafield tag="909" ind1="C" ind2="O">
                        <marc:subfield code="o">oai:invenio.nusl.cz:1</marc:subfield>
                        <marc:subfield code="p">openaire</marc:subfield>
                        <marc:subfield code="p">global</marc:subfield>
                        <marc:subfield code="p">DRIVER</marc:subfield>
                        <marc:subfield code="p">base</marc:subfield>
                        <marc:subfield code="p">opengrey</marc:subfield>
                        <marc:subfield code="q">licensed</marc:subfield>
                    </marc:datafield>
                    <marc:datafield tag="980" ind1=" " ind2=" ">
                        <marc:subfield code="a">preprinty</marc:subfield>
                    </marc:datafield>
                    <marc:datafield tag="998" ind1=" " ind2=" ">
                        <marc:subfield code="a">archiv_ing_arch_jana_moucky</marc:subfield>
                    </marc:datafield>
                </marc:record>
            </metadata>
        </record>