
        <record>
            <header>
                <identifier>oai:invenio.nusl.cz:2</identifier>
                <datestamp>2018-10-04T12:10:34Z</datestamp>
                <setSpec>opengrey</setSpec>
                <setSpec>base</setSpec>
                <setSpec>DRIVER</setSpec>
                <setSpec>global</setSpec>
                <setSpec>openaire</setSpec>
            </header>
            <metadata>
                <marc:record xmlns:marc="http://www.loc.gov/MARC21/slim" xmlns:xsi="http://www.w3.org/2001/XMLSchema-instance" xsi:schemaLocation="http://www.loc.gov/MARC21/slim http://www.loc.gov/standards/marcxml/schema/MARC21slim.xsd" type="Bibliographic">
                    <marc:leader>00000coc  2200000uu 4500</marc:leader>
                    <marc:controlfield tag="001">2</marc:controlfield>
                    <marc:controlfield tag="005">20181004141034.0</marc:controlfield>
                    <marc:controlfield tag="008">101124n||||||||xx#||||#|||z|#||||||cze||</marc:controlfield>
                    <marc:datafield tag="024" ind1="8" ind2=" ">
                        <marc:subfield code="a">nusl-2</marc:subfield>
                    </marc:datafield>
                    <marc:datafield tag="041" ind1="0" ind2="7">
                        <marc:subfield code="a">cze</marc:subfield>
                    </marc:datafield>
                    <marc:datafield tag="046" ind1=" " ind2=" ">
                        <marc:subfield code="k">1993</marc:subfield>
                    </marc:datafield>
                    <marc:datafield tag="245" ind1="0" ind2="0">
                        <marc:subfield code="b">Prague into Europe – as Munich?</marc:subfield>
                        <marc:subfield code="a">Praha do Evropy - jako Mnichov?</marc:subfield>
                    </marc:datafield>
                    <marc:datafield tag="340" ind1=" " ind2=" ">
                        <marc:subfield code="a">text/pdf</marc:subfield>
                    </marc:datafield>
                    <marc:datafield tag="506" ind1=" " ind2=" ">
                        <marc:subfield code="a">Public</marc:subfield>
                    </marc:datafield>
                    <marc:datafield tag="520" ind1=" " ind2=" ">
                        <marc:subfield code="a">Cílem článku je zejména poukázat na 'nemoci' Prahy, které mohou nastat v nových liberálních ekonomických a sociálních podmínkách, ukázat na zkušenostech z analogického města - Mnichova -  některé možnosti zmírnění jejich průběhu. Dále zjistit důsledky 'nemocí' jimiž Praha prošla v minulých desítiletích a které se jasně projevují ve srovnání s Mnichovem. Cílem článku je dále zjistit reservy které Praha má a jak by jejich využití umožnilo předcházet větším obtížím - za takovou reservu považuje hlavně dosud extensívně využitý, ale zanedbaný suburbánní prostor pražské aglomerace. Rukopis článku byl v r. 1991 předán redakci časopisu Územní plánování a urbanismus, vydávaný TERPLAN Praha. Rukopis nebyl redakcí přijat s odůvodněním, "že již o Německu bylo publikováno dost".    Z pohledu roku 2010 článek ukazuje, že v českém výzkumu výstavby a architektury bylo komplexní povědomí o problematice stavu českého osídlení, i po 40 letech isolace od světového dění.</marc:subfield>
                        <marc:subfield code="9">cze</marc:subfield>
                    </marc:datafield>
                    <marc:datafield tag="540" ind1=" " ind2=" ">
                        <marc:subfield code="a">Dílo je chráněno podle autorského zákona č. 121/2000 Sb.</marc:subfield>
                        <marc:subfield code="9">cze</marc:subfield>
                    </marc:datafield>
                    <marc:datafield tag="540" ind1=" " ind2=" ">
                        <marc:subfield code="a">Licence Creative Commons Uveďte autora-Nezasahujte do díla 3.0 Česko</marc:subfield>
                        <marc:subfield code="9">cze</marc:subfield>
                    </marc:datafield>
                    <marc:datafield tag="540" ind1=" " ind2=" ">
                        <marc:subfield code="a">This work is protected under the Copyright Act No. 121/2000 Coll.</marc:subfield>
                        <marc:subfield code="9">eng</marc:subfield>
                    </marc:datafield>
                    <marc:datafield tag="540" ind1=" " ind2=" ">
                        <marc:subfield code="a">License: Creative Commons Attribution-NoDerivs 3.0 Czech Republic</marc:subfield>
                        <marc:subfield code="9">eng</marc:subfield>
                    </marc:datafield>
                    <marc:datafield tag="650" ind1=" " ind2="7">
                        <marc:subfield code="a">urbanismus</marc:subfield>
                        <marc:subfield code="2">PSH</marc:subfield>
                        <marc:subfield code="j">city planning</marc:subfield>
                        <marc:subfield code="0">http://psh.ntkcz.cz/skos/PSH262</marc:subfield>
                    </marc:datafield>
                    <marc:datafield tag="650" ind1=" " ind2="7">
                        <marc:subfield code="a">suburbanizace</marc:subfield>
                        <marc:subfield code="2">PSH</marc:subfield>
                        <marc:subfield code="j">suburbanization</marc:subfield>
                        <marc:subfield code="0">http://psh.ntkcz.cz/skos/PSH13790</marc:subfield>
                    </marc:datafield>
                    <marc:datafield tag="650" ind1=" " ind2="7">
                        <marc:subfield code="a">regionální rozvoj</marc:subfield>
                        <marc:subfield code="2">PSH</marc:subfield>
                        <marc:subfield code="j">regional development</marc:subfield>
                        <marc:subfield code="0">http://psh.ntkcz.cz/skos/PSH13686</marc:subfield>
                    </marc:datafield>
                    <marc:datafield tag="650" ind1=" " ind2="7">
                        <marc:subfield code="a">příměstská doprava</marc:subfield>
                        <marc:subfield code="2">PSH</marc:subfield>
                        <marc:subfield code="j">suburban transport</marc:subfield>
                        <marc:subfield code="0">http://psh.ntkcz.cz/skos/PSH1160</marc:subfield>
                    </marc:datafield>
                    <marc:datafield tag="650" ind1=" " ind2="7">
                        <marc:subfield code="a">dopravní obslužnost</marc:subfield>
                        <marc:subfield code="2">PSH</marc:subfield>
                        <marc:subfield code="j">transport availability</marc:subfield>
                        <marc:subfield code="0">http://psh.ntkcz.cz/skos/PSH13907</marc:subfield>
                    </marc:datafield>
                    <marc:datafield tag="653" ind1="0" ind2=" ">
                        <marc:subfield code="a">architecture</marc:subfield>
                    </marc:datafield>
                    <marc:datafield tag="653" ind1="0" ind2=" ">
                        <marc:subfield code="a">urban planning</marc:subfield>
                    </marc:datafield>
                    <marc:datafield tag="653" ind1="0" ind2=" ">
                        <marc:subfield code="a">ecology</marc:subfield>
                    </marc:datafield>
                    <marc:datafield tag="655" ind1=" " ind2="7">
                        <marc:subfield code="a">Preprinty</marc:subfield>
                        <marc:subfield code="2">NUŠL typ dokumentu</marc:subfield>
                    </marc:datafield>
                    <marc:datafield tag="655" ind1=" " ind2="7">
                        <marc:subfield code="a">Text</marc:subfield>
                        <marc:subfield code="2">DCMI typ dokumentu</marc:subfield>
                    </marc:datafield>
                    <marc:datafield tag="720" ind1=" " ind2=" ">
                        <marc:subfield code="a">Moučka, Jan</marc:subfield>
                    </marc:datafield>
                    <marc:datafield tag="856" ind1="4" ind2=" ">
                        <marc:subfield code="u">http://invenio.nusl.cz/record/2/files/nusl-2_1.pdf</marc:subfield>
                        <marc:subfield code="z">Plný text</marc:subfield>
                    </marc:datafield>
                    <marc:datafield tag="856" ind1="4" ind2="0">
                        <marc:subfield code="u">http://www.nusl.cz/ntk/nusl-2</marc:subfield>
                        <marc:subfield code="z">PID NUŠL</marc:subfield>
                    </marc:datafield>
                    <marc:datafield tag="909" ind1="C" ind2="O">
                        <marc:subfield code="o">oai:invenio.nusl.cz:2</marc:subfield>
                        <marc:subfield code="p">openaire</marc:subfield>
                        <marc:subfield code="p">global</marc:subfield>
                        <marc:subfield code="p">DRIVER</marc:subfield>
                        <marc:subfield code="p">base</marc:subfield>
                        <marc:subfield code="p">opengrey</marc:subfield>
                        <marc:subfield code="q">licensed</marc:subfield>
                    </marc:datafield>
                    <marc:datafield tag="980" ind1=" " ind2=" ">
                        <marc:subfield code="a">preprinty</marc:subfield>
                    </marc:datafield>
                    <marc:datafield tag="998" ind1=" " ind2=" ">
                        <marc:subfield code="a">archiv_ing_arch_jana_moucky</marc:subfield>
                    </marc:datafield>
                </marc:record>
            </metadata>
        </record>