
        <record>
            <header>
                <identifier>oai:invenio.nusl.cz:5</identifier>
                <datestamp>2018-10-04T12:10:42Z</datestamp>
                <setSpec>opengrey</setSpec>
                <setSpec>base</setSpec>
                <setSpec>DRIVER</setSpec>
                <setSpec>global</setSpec>
                <setSpec>openaire</setSpec>
            </header>
            <metadata>
                <marc:record xmlns:marc="http://www.loc.gov/MARC21/slim" xmlns:xsi="http://www.w3.org/2001/XMLSchema-instance" xsi:schemaLocation="http://www.loc.gov/MARC21/slim http://www.loc.gov/standards/marcxml/schema/MARC21slim.xsd" type="Bibliographic">
                    <marc:leader>00000coc  2200000uu 4500</marc:leader>
                    <marc:controlfield tag="001">5</marc:controlfield>
                    <marc:controlfield tag="005">20181004141042.0</marc:controlfield>
                    <marc:controlfield tag="008">101124n||||||||xx#||||#|||z|#||||||cze||</marc:controlfield>
                    <marc:datafield tag="024" ind1="8" ind2=" ">
                        <marc:subfield code="a">nusl-5</marc:subfield>
                    </marc:datafield>
                    <marc:datafield tag="041" ind1="0" ind2="7">
                        <marc:subfield code="a">cze</marc:subfield>
                    </marc:datafield>
                    <marc:datafield tag="046" ind1=" " ind2=" ">
                        <marc:subfield code="k">2002</marc:subfield>
                    </marc:datafield>
                    <marc:datafield tag="245" ind1="0" ind2="0">
                        <marc:subfield code="a">New urbanism – hnutí v USA</marc:subfield>
                        <marc:subfield code="b">New Urbanism – the movement in USA</marc:subfield>
                    </marc:datafield>
                    <marc:datafield tag="300" ind1=" " ind2=" ">
                        <marc:subfield code="a">24 s.</marc:subfield>
                    </marc:datafield>
                    <marc:datafield tag="340" ind1=" " ind2=" ">
                        <marc:subfield code="a">text/pdf</marc:subfield>
                    </marc:datafield>
                    <marc:datafield tag="506" ind1=" " ind2=" ">
                        <marc:subfield code="a">Public</marc:subfield>
                    </marc:datafield>
                    <marc:datafield tag="520" ind1=" " ind2=" ">
                        <marc:subfield code="9">cze</marc:subfield>
                        <marc:subfield code="a">New Urbanism (Nový urbanismus) je hnutí navazující na hnutí Urban Design (urbánní navrhování), které je anotováno v rámci tohoto dokumentu. Obě hnutí mají řadu společných dílčích cílů, ale liší se ve způsobu jakým k nim dojít: Již mnoho desítiletí existující hnutí Urban Design působí spíše zvyšováním povědomí a znalostí o kulturních, zejm. estetických aspektech tvorby měst a osídlení.  Naproti tomu hnutí New Urbanism bylo vyprovokováno potřebou nové koncepce návrhu změn a zásahů do stavu obcí a osídlení po nepokojích v Newarku v 80tých letech 20. století.   New Urbanism chce reformovat mnoho aspektů územního plánování a využití území zástavbou, a v mnoha směrech je úspěšné: Přispěla k tomu spolupráce s agenturami, které pro rozvoj sídel a osídlení v USA vznikly a působí i jinde ve světě, stejně jako vstřebání výsledku některých jiných vlivů, jak ukazuje i diagram souvislostí hnutí New Urbanism, diskutovaný v úvodu této studie. New Urbanism se například nezříká principů proklamovaných hnutím TND (Traditional Neighborhood Design), využívá zpětné vazby z poradenských organizací jako je SmartGrowth nebo Urban Land Institute.  Na okraji hnutí New Urbanism se připojují někdy i výstřední subjekty a názory, jak je ve 21. století v každé mediálně zajímavé oblasti časté - ať již to jsou až dogmatická pojetí TND (viz např. v Austinu, kde vyšel předpis jak projektovat TND distrikty, nebo neokonservativní nákresy k TND okrskům).  Vznikají terminologické obtíže a nejasnosti (viz např. neostrý termín Mixed-Uses) vyplývající z nevyzrálosti  teorií zúčastněných disciplin, zejm. také urbanismu a architektury.  Charta hnutí New Urbanism podporuje restrukturaci veřejné politiky i praktik výstavby, tak aby podporovaly následující principy: - obytné okrsky měst a obcí mají být různorodé ve způsobech užívání a v obyvatelstvu, - obce mají být navrhovány pro pěší i pro automobilní dopravu, - velká i menší města mají být fysicky utvářena jasně definovanými a bezbariérovými veřejnými prostory a objekty institucí obce. Urbánní prostory mají být rámovány architekturou a krajinným řešením, které oslavují místní historii, podnebí, ekologii a stavební praxi. Noví urbanisté podporují regionální plánování vytvářející otevřený prostor, architekturu v souladu s kontextem okolí, i vyvážený rozvoj práce a bydlení. Noví urbanisté věří, že jejich strategie může omezit zahlcování dopravy, zvýšit produkci dostupných bytů a opanovat rozptyl zástavby do krajiny.   New Urbanism se také zabývá tématy jako je ochrana památek, bezpečnost ulic, zelené stavění, nové využití "brownfield" - opuštěných pozemků.</marc:subfield>
                    </marc:datafield>
                    <marc:datafield tag="540" ind1=" " ind2=" ">
                        <marc:subfield code="9">cze</marc:subfield>
                        <marc:subfield code="a">Dílo je chráněno podle autorského zákona č. 121/2000 Sb.</marc:subfield>
                    </marc:datafield>
                    <marc:datafield tag="540" ind1=" " ind2=" ">
                        <marc:subfield code="9">cze</marc:subfield>
                        <marc:subfield code="a">Licence Creative Commons Uveďte autora-Nezasahujte do díla 3.0 Česko</marc:subfield>
                    </marc:datafield>
                    <marc:datafield tag="540" ind1=" " ind2=" ">
                        <marc:subfield code="9">eng</marc:subfield>
                        <marc:subfield code="a">This work is protected under the Copyright Act No. 121/2000 Coll.</marc:subfield>
                    </marc:datafield>
                    <marc:datafield tag="540" ind1=" " ind2=" ">
                        <marc:subfield code="9">eng</marc:subfield>
                        <marc:subfield code="a">License: Creative Commons Attribution-NoDerivs 3.0 Czech Republic</marc:subfield>
                    </marc:datafield>
                    <marc:datafield tag="650" ind1=" " ind2="7">
                        <marc:subfield code="2">PSH</marc:subfield>
                        <marc:subfield code="a">urbanismus</marc:subfield>
                        <marc:subfield code="j">city planning</marc:subfield>
                        <marc:subfield code="0">http://psh.ntkcz.cz/skos/PSH262</marc:subfield>
                    </marc:datafield>
                    <marc:datafield tag="653" ind1="0" ind2=" ">
                        <marc:subfield code="a">architecture</marc:subfield>
                    </marc:datafield>
                    <marc:datafield tag="653" ind1="0" ind2=" ">
                        <marc:subfield code="a">urban planning</marc:subfield>
                    </marc:datafield>
                    <marc:datafield tag="653" ind1="0" ind2=" ">
                        <marc:subfield code="a">urban design</marc:subfield>
                    </marc:datafield>
                    <marc:datafield tag="655" ind1=" " ind2="7">
                        <marc:subfield code="2">NUŠL typ dokumentu</marc:subfield>
                        <marc:subfield code="a">Preprinty</marc:subfield>
                    </marc:datafield>
                    <marc:datafield tag="655" ind1=" " ind2="7">
                        <marc:subfield code="2">DCMI typ dokumentu</marc:subfield>
                        <marc:subfield code="a">Text</marc:subfield>
                    </marc:datafield>
                    <marc:datafield tag="720" ind1=" " ind2=" ">
                        <marc:subfield code="a">Moučka, Jan</marc:subfield>
                    </marc:datafield>
                    <marc:datafield tag="856" ind1="4" ind2=" ">
                        <marc:subfield code="u">http://invenio.nusl.cz/record/5/files/nusl-5_1.pdf</marc:subfield>
                        <marc:subfield code="z">Plný text</marc:subfield>
                    </marc:datafield>
                    <marc:datafield tag="856" ind1="4" ind2="0">
                        <marc:subfield code="u">http://www.nusl.cz/ntk/nusl-5</marc:subfield>
                        <marc:subfield code="z">PID NUŠL</marc:subfield>
                    </marc:datafield>
                    <marc:datafield tag="909" ind1="C" ind2="O">
                        <marc:subfield code="o">oai:invenio.nusl.cz:5</marc:subfield>
                        <marc:subfield code="p">openaire</marc:subfield>
                        <marc:subfield code="p">global</marc:subfield>
                        <marc:subfield code="p">DRIVER</marc:subfield>
                        <marc:subfield code="p">base</marc:subfield>
                        <marc:subfield code="p">opengrey</marc:subfield>
                        <marc:subfield code="q">licensed</marc:subfield>
                    </marc:datafield>
                    <marc:datafield tag="980" ind1=" " ind2=" ">
                        <marc:subfield code="a">preprinty</marc:subfield>
                    </marc:datafield>
                    <marc:datafield tag="998" ind1=" " ind2=" ">
                        <marc:subfield code="a">archiv_ing_arch_jana_moucky</marc:subfield>
                    </marc:datafield>
                </marc:record>
            </metadata>
        </record>