
        <record>
            <header>
                <identifier>oai:invenio.nusl.cz:6</identifier>
                <datestamp>2018-10-04T12:10:43Z</datestamp>
                <setSpec>opengrey</setSpec>
                <setSpec>base</setSpec>
                <setSpec>DRIVER</setSpec>
                <setSpec>global</setSpec>
                <setSpec>openaire</setSpec>
            </header>
            <metadata>
                <marc:record xmlns:marc="http://www.loc.gov/MARC21/slim" xmlns:xsi="http://www.w3.org/2001/XMLSchema-instance" xsi:schemaLocation="http://www.loc.gov/MARC21/slim http://www.loc.gov/standards/marcxml/schema/MARC21slim.xsd" type="Bibliographic">
                    <marc:leader>00000coc  2200000uu 4500</marc:leader>
                    <marc:controlfield tag="001">6</marc:controlfield>
                    <marc:controlfield tag="005">20181004141043.0</marc:controlfield>
                    <marc:controlfield tag="008">101124n||||||||xx#||||#|||z|#||||||cze||</marc:controlfield>
                    <marc:datafield tag="024" ind1="8" ind2=" ">
                        <marc:subfield code="a">nusl-6</marc:subfield>
                    </marc:datafield>
                    <marc:datafield tag="041" ind1="0" ind2="7">
                        <marc:subfield code="a">cze</marc:subfield>
                    </marc:datafield>
                    <marc:datafield tag="046" ind1=" " ind2=" ">
                        <marc:subfield code="k">1993</marc:subfield>
                    </marc:datafield>
                    <marc:datafield tag="245" ind1="0" ind2="0">
                        <marc:subfield code="a">Stav CAAD v České republice</marc:subfield>
                        <marc:subfield code="b">The state of CAAD in Czech Republic</marc:subfield>
                    </marc:datafield>
                    <marc:datafield tag="246" ind1="3" ind2="3">
                        <marc:subfield code="a">Stav východoevropské architektury a urbanismu</marc:subfield>
                    </marc:datafield>
                    <marc:datafield tag="300" ind1=" " ind2=" ">
                        <marc:subfield code="a">4 s.</marc:subfield>
                    </marc:datafield>
                    <marc:datafield tag="340" ind1=" " ind2=" ">
                        <marc:subfield code="a">text/pdf</marc:subfield>
                    </marc:datafield>
                    <marc:datafield tag="506" ind1=" " ind2=" ">
                        <marc:subfield code="a">Public</marc:subfield>
                    </marc:datafield>
                    <marc:datafield tag="520" ind1=" " ind2=" ">
                        <marc:subfield code="9">cze</marc:subfield>
                        <marc:subfield code="a">Na jaro roku 1990 bylo do Budapešti připraveno mezinárodní "CAAD Forum", na které autor připravil sdělení  o stavu východoevropské architektury, urbanismu i CAAD po 40 letech komunistické totality. V Budapešti však vypukla stávka veřejné dopravy. Fórum se proto neuskutečnilo a po prohlídce výstavy se účastníci rozjeli, aniž své referáty mohli přednést a aniž by připravené příspěvky byly publikovány. Autor text sestavil ze své iniciativy, v anglickém znění text využíval pro vstupní informování cizích odborníků, s nimiž se setkal a konsultoval po "sametové revoluci" v Praze.</marc:subfield>
                    </marc:datafield>
                    <marc:datafield tag="540" ind1=" " ind2=" ">
                        <marc:subfield code="9">cze</marc:subfield>
                        <marc:subfield code="a">Dílo je chráněno podle autorského zákona č. 121/2000 Sb.</marc:subfield>
                    </marc:datafield>
                    <marc:datafield tag="540" ind1=" " ind2=" ">
                        <marc:subfield code="9">cze</marc:subfield>
                        <marc:subfield code="a">Licence Creative Commons Uveďte autora-Nezasahujte do díla 3.0 Česko</marc:subfield>
                    </marc:datafield>
                    <marc:datafield tag="540" ind1=" " ind2=" ">
                        <marc:subfield code="9">eng</marc:subfield>
                        <marc:subfield code="a">This work is protected under the Copyright Act No. 121/2000 Coll.</marc:subfield>
                    </marc:datafield>
                    <marc:datafield tag="540" ind1=" " ind2=" ">
                        <marc:subfield code="9">eng</marc:subfield>
                        <marc:subfield code="a">License: Creative Commons Attribution-NoDerivs 3.0 Czech Republic</marc:subfield>
                    </marc:datafield>
                    <marc:datafield tag="650" ind1=" " ind2="7">
                        <marc:subfield code="2">PSH</marc:subfield>
                        <marc:subfield code="a">architektura a urbanismus</marc:subfield>
                        <marc:subfield code="j">architecture and town planning</marc:subfield>
                        <marc:subfield code="0">http://psh.ntkcz.cz/skos/PSH116</marc:subfield>
                    </marc:datafield>
                    <marc:datafield tag="653" ind1=" " ind2=" ">
                        <marc:subfield code="a">architecture</marc:subfield>
                    </marc:datafield>
                    <marc:datafield tag="653" ind1=" " ind2=" ">
                        <marc:subfield code="a">urban planning</marc:subfield>
                    </marc:datafield>
                    <marc:datafield tag="653" ind1=" " ind2=" ">
                        <marc:subfield code="a">computer-aided architectural design</marc:subfield>
                    </marc:datafield>
                    <marc:datafield tag="655" ind1=" " ind2="7">
                        <marc:subfield code="2">NUŠL typ dokumentu</marc:subfield>
                        <marc:subfield code="a">Preprinty</marc:subfield>
                    </marc:datafield>
                    <marc:datafield tag="655" ind1=" " ind2="7">
                        <marc:subfield code="2">DCMI typ dokumentu</marc:subfield>
                        <marc:subfield code="a">Text</marc:subfield>
                    </marc:datafield>
                    <marc:datafield tag="720" ind1=" " ind2=" ">
                        <marc:subfield code="a">Moučka, Jan</marc:subfield>
                    </marc:datafield>
                    <marc:datafield tag="856" ind1="4" ind2=" ">
                        <marc:subfield code="u">http://invenio.nusl.cz/record/6/files/nusl-6_1.pdf</marc:subfield>
                        <marc:subfield code="z">Plný text</marc:subfield>
                    </marc:datafield>
                    <marc:datafield tag="856" ind1="4" ind2="0">
                        <marc:subfield code="u">http://www.nusl.cz/ntk/nusl-6</marc:subfield>
                        <marc:subfield code="z">PID NUŠL</marc:subfield>
                    </marc:datafield>
                    <marc:datafield tag="909" ind1="C" ind2="O">
                        <marc:subfield code="o">oai:invenio.nusl.cz:6</marc:subfield>
                        <marc:subfield code="p">openaire</marc:subfield>
                        <marc:subfield code="p">global</marc:subfield>
                        <marc:subfield code="p">DRIVER</marc:subfield>
                        <marc:subfield code="p">base</marc:subfield>
                        <marc:subfield code="p">opengrey</marc:subfield>
                        <marc:subfield code="q">licensed</marc:subfield>
                    </marc:datafield>
                    <marc:datafield tag="980" ind1=" " ind2=" ">
                        <marc:subfield code="a">preprinty</marc:subfield>
                    </marc:datafield>
                    <marc:datafield tag="998" ind1=" " ind2=" ">
                        <marc:subfield code="a">archiv_ing_arch_jana_moucky</marc:subfield>
                    </marc:datafield>
                </marc:record>
            </metadata>
        </record>