
        <record>
            <header>
                <identifier>oai:invenio.nusl.cz:7</identifier>
                <datestamp>2018-10-04T12:10:46Z</datestamp>
                <setSpec>opengrey</setSpec>
                <setSpec>base</setSpec>
                <setSpec>DRIVER</setSpec>
                <setSpec>global</setSpec>
                <setSpec>openaire</setSpec>
            </header>
            <metadata>
                <marc:record xmlns:marc="http://www.loc.gov/MARC21/slim" xmlns:xsi="http://www.w3.org/2001/XMLSchema-instance" xsi:schemaLocation="http://www.loc.gov/MARC21/slim http://www.loc.gov/standards/marcxml/schema/MARC21slim.xsd" type="Bibliographic">
                    <marc:leader>00000coc  2200000uu 4500</marc:leader>
                    <marc:controlfield tag="001">7</marc:controlfield>
                    <marc:controlfield tag="005">20181004141046.0</marc:controlfield>
                    <marc:controlfield tag="008">101124n||||||||xx#||||#|||z|#||||||cze||</marc:controlfield>
                    <marc:datafield tag="024" ind1="8" ind2=" ">
                        <marc:subfield code="a">nusl-7</marc:subfield>
                    </marc:datafield>
                    <marc:datafield tag="041" ind1="0" ind2="7">
                        <marc:subfield code="a">cze</marc:subfield>
                    </marc:datafield>
                    <marc:datafield tag="046" ind1=" " ind2=" ">
                        <marc:subfield code="k">1993</marc:subfield>
                    </marc:datafield>
                    <marc:datafield tag="245" ind1="0" ind2="0">
                        <marc:subfield code="a">Nové formáty pro architekturu</marc:subfield>
                        <marc:subfield code="b">New formats for the outputs</marc:subfield>
                    </marc:datafield>
                    <marc:datafield tag="300" ind1=" " ind2=" ">
                        <marc:subfield code="a">3 s., 3 s. obr. příl.</marc:subfield>
                    </marc:datafield>
                    <marc:datafield tag="340" ind1=" " ind2=" ">
                        <marc:subfield code="a">text/pdf</marc:subfield>
                    </marc:datafield>
                    <marc:datafield tag="340" ind1=" " ind2=" ">
                        <marc:subfield code="a">image/jpeg</marc:subfield>
                    </marc:datafield>
                    <marc:datafield tag="506" ind1=" " ind2=" ">
                        <marc:subfield code="a">Public</marc:subfield>
                    </marc:datafield>
                    <marc:datafield tag="520" ind1=" " ind2=" ">
                        <marc:subfield code="9">cze</marc:subfield>
                        <marc:subfield code="a">Konference ECAADE Munich 1991 "Research results and architect practice", svolaná do Mnichova, byla zaměřena na výuku CAAD. Jednání konference se od začátku ocitlo v časové tísni, vzniklé pozdním příjezdem hlavních protagonistů. Příspěvek J. Moučky, který musel stejný den odjet do Prahy, nebyl přednesen a nebyl tudíž ani publikován.  Příspěvek J. Moučky byl zaměřen na problém osvojení a internalizace výsledků výzkumu CAAD architekty - praktiky. Uváděl jako příklad "osvojeného" nástroje knihu Bauentwurfslehre E. Neuferta, vydanou poprvé ve 30tých letech 20.stol., velmi úspěšnou i ve 21. století. Kniha obsahuje diagram OBYDLÍ a jeho "větvení" (diferenciace místností spolu s růstem standardu obydlí), od jednoprostorové chýše a končí velkou residencí. Diagram slouží i jako nástroj komunikace mezi klientem a architektem.  Pro konferenci byl připraven popis autorova programu pro osobní počítač "REKREA", který produkuje inspirativní architektonické grafické výstupy, osvojitelné architekty i klienty.</marc:subfield>
                    </marc:datafield>
                    <marc:datafield tag="540" ind1=" " ind2=" ">
                        <marc:subfield code="9">cze</marc:subfield>
                        <marc:subfield code="a">Dílo je chráněno podle autorského zákona č. 121/2000 Sb.</marc:subfield>
                    </marc:datafield>
                    <marc:datafield tag="540" ind1=" " ind2=" ">
                        <marc:subfield code="9">cze</marc:subfield>
                        <marc:subfield code="a">Licence Creative Commons Uveďte autora-Nezasahujte do díla 3.0 Česko</marc:subfield>
                    </marc:datafield>
                    <marc:datafield tag="540" ind1=" " ind2=" ">
                        <marc:subfield code="9">eng</marc:subfield>
                        <marc:subfield code="a">This work is protected under the Copyright Act No. 121/2000 Coll.</marc:subfield>
                    </marc:datafield>
                    <marc:datafield tag="540" ind1=" " ind2=" ">
                        <marc:subfield code="9">eng</marc:subfield>
                        <marc:subfield code="a">License: Creative Commons Attribution-NoDerivs 3.0 Czech Republic</marc:subfield>
                    </marc:datafield>
                    <marc:datafield tag="650" ind1=" " ind2="7">
                        <marc:subfield code="2">PSH</marc:subfield>
                        <marc:subfield code="a">architektura a urbanismus</marc:subfield>
                        <marc:subfield code="j">architecture and town planning</marc:subfield>
                        <marc:subfield code="0">http://psh.ntkcz.cz/skos/PSH116</marc:subfield>
                    </marc:datafield>
                    <marc:datafield tag="650" ind1=" " ind2="7">
                        <marc:subfield code="2">PSH</marc:subfield>
                        <marc:subfield code="a">CAD</marc:subfield>
                        <marc:subfield code="j">CAD</marc:subfield>
                        <marc:subfield code="0">http://psh.ntkcz.cz/skos/PSH12562</marc:subfield>
                    </marc:datafield>
                    <marc:datafield tag="653" ind1="0" ind2=" ">
                        <marc:subfield code="a">computer-aided architectural design</marc:subfield>
                    </marc:datafield>
                    <marc:datafield tag="653" ind1="0" ind2=" ">
                        <marc:subfield code="a">architecture</marc:subfield>
                    </marc:datafield>
                    <marc:datafield tag="655" ind1=" " ind2="7">
                        <marc:subfield code="2">DCMI typ dokumentu</marc:subfield>
                        <marc:subfield code="a">Text</marc:subfield>
                    </marc:datafield>
                    <marc:datafield tag="655" ind1=" " ind2="7">
                        <marc:subfield code="2">NUŠL typ dokumentu</marc:subfield>
                        <marc:subfield code="a">Preprinty</marc:subfield>
                    </marc:datafield>
                    <marc:datafield tag="720" ind1=" " ind2=" ">
                        <marc:subfield code="a">Moučka, Jan</marc:subfield>
                    </marc:datafield>
                    <marc:datafield tag="856" ind1="4" ind2=" ">
                        <marc:subfield code="u">http://invenio.nusl.cz/record/7/files/nusl-7_1.pdf</marc:subfield>
                        <marc:subfield code="z">Plný text</marc:subfield>
                    </marc:datafield>
                    <marc:datafield tag="856" ind1="4" ind2=" ">
                        <marc:subfield code="u">http://invenio.nusl.cz/record/7/files/nusl-7_2.JPG</marc:subfield>
                        <marc:subfield code="z">Plný text</marc:subfield>
                    </marc:datafield>
                    <marc:datafield tag="856" ind1="4" ind2=" ">
                        <marc:subfield code="u">http://invenio.nusl.cz/record/7/files/nusl-7_3.JPG</marc:subfield>
                        <marc:subfield code="z">Plný text</marc:subfield>
                    </marc:datafield>
                    <marc:datafield tag="856" ind1="4" ind2=" ">
                        <marc:subfield code="u">http://invenio.nusl.cz/record/7/files/nusl-7_4.JPG</marc:subfield>
                        <marc:subfield code="z">Plný text</marc:subfield>
                    </marc:datafield>
                    <marc:datafield tag="856" ind1="4" ind2="0">
                        <marc:subfield code="u">http://www.nusl.cz/ntk/nusl-7</marc:subfield>
                        <marc:subfield code="z">PID NUŠL</marc:subfield>
                    </marc:datafield>
                    <marc:datafield tag="856" ind1="4" ind2=" ">
                        <marc:subfield code="u">http://invenio.nusl.cz/record/7/files/nusl-7_2.gif?subformat=icon</marc:subfield>
                        <marc:subfield code="x">icon</marc:subfield>
                    </marc:datafield>
                    <marc:datafield tag="856" ind1="4" ind2=" ">
                        <marc:subfield code="u">http://invenio.nusl.cz/record/7/files/nusl-7_3.gif?subformat=icon</marc:subfield>
                        <marc:subfield code="x">icon</marc:subfield>
                    </marc:datafield>
                    <marc:datafield tag="856" ind1="4" ind2=" ">
                        <marc:subfield code="u">http://invenio.nusl.cz/record/7/files/nusl-7_4.gif?subformat=icon</marc:subfield>
                        <marc:subfield code="x">icon</marc:subfield>
                    </marc:datafield>
                    <marc:datafield tag="909" ind1="C" ind2="O">
                        <marc:subfield code="o">oai:invenio.nusl.cz:7</marc:subfield>
                        <marc:subfield code="p">openaire</marc:subfield>
                        <marc:subfield code="p">global</marc:subfield>
                        <marc:subfield code="p">DRIVER</marc:subfield>
                        <marc:subfield code="p">base</marc:subfield>
                        <marc:subfield code="p">opengrey</marc:subfield>
                        <marc:subfield code="q">licensed</marc:subfield>
                    </marc:datafield>
                    <marc:datafield tag="980" ind1=" " ind2=" ">
                        <marc:subfield code="a">preprinty</marc:subfield>
                    </marc:datafield>
                    <marc:datafield tag="998" ind1=" " ind2=" ">
                        <marc:subfield code="a">archiv_ing_arch_jana_moucky</marc:subfield>
                    </marc:datafield>
                </marc:record>
            </metadata>
        </record>