
        <record>
            <header>
                <identifier>oai:invenio.nusl.cz:32</identifier>
                <datestamp>2017-06-29T09:15:11Z</datestamp>
                <setSpec>licensed</setSpec>
                <setSpec>opengrey</setSpec>
                <setSpec>global</setSpec>
                <setSpec>openaire</setSpec>
            </header>
            <metadata>
                <marc:record xmlns:marc="http://www.loc.gov/MARC21/slim" xmlns:xsi="http://www.w3.org/2001/XMLSchema-instance" xsi:schemaLocation="http://www.loc.gov/MARC21/slim http://www.loc.gov/standards/marcxml/schema/MARC21slim.xsd" type="Bibliographic">
                    <marc:leader>00000coc  2200000uu 4500</marc:leader>
                    <marc:controlfield tag="001">32</marc:controlfield>
                    <marc:controlfield tag="005">20170629111511.0</marc:controlfield>
                    <marc:datafield tag="035" ind1=" " ind2=" ">
                        <marc:subfield code="a">oai:vse.cz:vskp/54</marc:subfield>
                    </marc:datafield>
                    <marc:datafield tag="041" ind1="0" ind2="7">
                        <marc:subfield code="a">cze</marc:subfield>
                    </marc:datafield>
                    <marc:datafield tag="046" ind1=" " ind2=" ">
                        <marc:subfield code="k">2006-05-26</marc:subfield>
                        <marc:subfield code="j">2012-04-30</marc:subfield>
                    </marc:datafield>
                    <marc:datafield tag="245" ind1="0" ind2="0">
                        <marc:subfield code="a">Alternativnáí zdroje v automobilovém průmyslu a jejich analýza</marc:subfield>
                    </marc:datafield>
                    <marc:datafield tag="260" ind1=" " ind2=" ">
                        <marc:subfield code="b">Vysoká škola ekonomická v Praze</marc:subfield>
                    </marc:datafield>
                    <marc:datafield tag="502" ind1=" " ind2=" ">
                        <marc:subfield code="a">2006-06-21</marc:subfield>
                        <marc:subfield code="b">Bc.</marc:subfield>
                        <marc:subfield code="c">Vysoká škola ekonomická v Praze</marc:subfield>
                        <marc:subfield code="g">Bakalářský studijní program</marc:subfield>
                    </marc:datafield>
                    <marc:datafield tag="520" ind1=" " ind2=" ">
                        <marc:subfield code="a">Bakalářská práce se zabývá alternativními možnostimi vývoje automobilového průmyslu,k sronává současné možnosti s budoucími, analyzuje jejich dopad na životní prostředí a porovnává jejich efektivitu.</marc:subfield>
                        <marc:subfield code="9">cze</marc:subfield>
                    </marc:datafield>
                    <marc:datafield tag="650" ind1="1" ind2="7">
                        <marc:subfield code="a">automobily</marc:subfield>
                        <marc:subfield code="j">cars</marc:subfield>
                        <marc:subfield code="0">http://psh.ntkcz.cz/skos/PSH11023</marc:subfield>
                        <marc:subfield code="2">PSH</marc:subfield>
                    </marc:datafield>
                    <marc:datafield tag="650" ind1="1" ind2="7">
                        <marc:subfield code="a">průmysl</marc:subfield>
                        <marc:subfield code="j">industry</marc:subfield>
                        <marc:subfield code="0">http://psh.ntkcz.cz/skos/PSH1454</marc:subfield>
                        <marc:subfield code="2">PSH</marc:subfield>
                    </marc:datafield>
                    <marc:datafield tag="653" ind1=" " ind2=" ">
                        <marc:subfield code="a">emise</marc:subfield>
                    </marc:datafield>
                    <marc:datafield tag="653" ind1=" " ind2=" ">
                        <marc:subfield code="a">ropa</marc:subfield>
                    </marc:datafield>
                    <marc:datafield tag="653" ind1=" " ind2=" ">
                        <marc:subfield code="a">nafta</marc:subfield>
                    </marc:datafield>
                    <marc:datafield tag="653" ind1=" " ind2=" ">
                        <marc:subfield code="a">bioethanol</marc:subfield>
                    </marc:datafield>
                    <marc:datafield tag="653" ind1=" " ind2=" ">
                        <marc:subfield code="a">hybridní automobily</marc:subfield>
                    </marc:datafield>
                    <marc:datafield tag="653" ind1=" " ind2=" ">
                        <marc:subfield code="a">automobilový průmysl</marc:subfield>
                    </marc:datafield>
                    <marc:datafield tag="656" ind1=" " ind2="7">
                        <marc:subfield code="a">Hospodářská politika a správa/Aplikovaná environmentální ekonomie, politika a management</marc:subfield>
                    </marc:datafield>
                    <marc:datafield tag="720" ind1=" " ind2=" ">
                        <marc:subfield code="a">Rottová, Simona</marc:subfield>
                    </marc:datafield>
                    <marc:datafield tag="720" ind1=" " ind2=" ">
                        <marc:subfield code="i">Geuss, Erik</marc:subfield>
                        <marc:subfield code="e">advisor</marc:subfield>
                    </marc:datafield>
                    <marc:datafield tag="720" ind1=" " ind2=" ">
                        <marc:subfield code="i">Branžovský, Antonín</marc:subfield>
                        <marc:subfield code="e">referee</marc:subfield>
                    </marc:datafield>
                    <marc:datafield tag="856" ind1="4" ind2="0">
                        <marc:subfield code="u">http://www.vse.cz/vskp/eid/54</marc:subfield>
                        <marc:subfield code="z">Odkaz na původní záznam</marc:subfield>
                    </marc:datafield>
                    <marc:datafield tag="856" ind1="4" ind2="0">
                        <marc:subfield code="u">http://www.nusl.cz/ntk/nusl-32</marc:subfield>
                        <marc:subfield code="z">PID NUŠL</marc:subfield>
                    </marc:datafield>
                    <marc:datafield tag="909" ind1="C" ind2="O">
                        <marc:subfield code="o">oai:invenio.nusl.cz:32</marc:subfield>
                        <marc:subfield code="p">openaire</marc:subfield>
                        <marc:subfield code="p">global</marc:subfield>
                        <marc:subfield code="p">opengrey</marc:subfield>
                        <marc:subfield code="p">licensed</marc:subfield>
                        <marc:subfield code="q">etds</marc:subfield>
                    </marc:datafield>
                    <marc:datafield tag="980" ind1=" " ind2=" ">
                        <marc:subfield code="a">bakalarske_prace</marc:subfield>
                    </marc:datafield>
                    <marc:datafield tag="996" ind1=" " ind2=" ">
                        <marc:subfield code="a">Dostupné v digitálním repozitáři VŠE.</marc:subfield>
                        <marc:subfield code="b">Available in the digital repository of the University of Economics, Prague.</marc:subfield>
                        <marc:subfield code="9">1</marc:subfield>
                    </marc:datafield>
                    <marc:datafield tag="998" ind1=" " ind2=" ">
                        <marc:subfield code="a">vysoka_skola_ekonomicka_v_praze</marc:subfield>
                    </marc:datafield>
                </marc:record>
            </metadata>
        </record>