
        <record>
            <header>
                <identifier>oai:invenio.nusl.cz:59</identifier>
                <datestamp>2017-06-29T09:15:13Z</datestamp>
                <setSpec>licensed</setSpec>
                <setSpec>opengrey</setSpec>
                <setSpec>global</setSpec>
                <setSpec>openaire</setSpec>
                <setSpec>etds</setSpec>
            </header>
            <metadata>
                <marc:record xmlns:marc="http://www.loc.gov/MARC21/slim" xmlns:xsi="http://www.w3.org/2001/XMLSchema-instance" xsi:schemaLocation="http://www.loc.gov/MARC21/slim http://www.loc.gov/standards/marcxml/schema/MARC21slim.xsd" type="Bibliographic">
                    <marc:leader>00000coc  2200000uu 4500</marc:leader>
                    <marc:controlfield tag="001">59</marc:controlfield>
                    <marc:controlfield tag="005">20170629111513.0</marc:controlfield>
                    <marc:datafield tag="035" ind1=" " ind2=" ">
                        <marc:subfield code="a">oai:vse.cz:vskp/111</marc:subfield>
                    </marc:datafield>
                    <marc:datafield tag="041" ind1="0" ind2="7">
                        <marc:subfield code="a">cze</marc:subfield>
                    </marc:datafield>
                    <marc:datafield tag="046" ind1=" " ind2=" ">
                        <marc:subfield code="k">2006-06-01</marc:subfield>
                        <marc:subfield code="j">2012-04-30</marc:subfield>
                    </marc:datafield>
                    <marc:datafield tag="245" ind1="0" ind2="0">
                        <marc:subfield code="a">Použitelnost technických indikátorů na českém akciovém trhu</marc:subfield>
                    </marc:datafield>
                    <marc:datafield tag="260" ind1=" " ind2=" ">
                        <marc:subfield code="b">Vysoká škola ekonomická v Praze</marc:subfield>
                    </marc:datafield>
                    <marc:datafield tag="502" ind1=" " ind2=" ">
                        <marc:subfield code="a">2006-06-08</marc:subfield>
                        <marc:subfield code="b">Ing.</marc:subfield>
                        <marc:subfield code="c">Vysoká škola ekonomická v Praze</marc:subfield>
                        <marc:subfield code="g">Magisterský studijní program</marc:subfield>
                    </marc:datafield>
                    <marc:datafield tag="520" ind1=" " ind2=" ">
                        <marc:subfield code="a">Diplomová práce se zabývá použitelností technických indikátorů jako jedné z metod technické analýzy na českém akciovém trhu. Postupně rozebírá vybraných sedm technických indikátorů, které jsou aplikovány na vybraných sedm akciových kurzů. Cílem bylo, vedle přiblížení a charakteristiky českého akciového trhu a konkrétních jednotlivých metod technické analýzy, zejména zjištění a závěrečné konstatování, zda se aplikované indikátory výnosově osvědčily při načasování nákupů a prodejů jednotlivých akciových titulů. K tomuto účelu byly zkonstruovány tři typy výnosových měr a také celý systém hodnocení sledující navazující charakteristiky jednotlivých aplikací. Český akciový trh zde byl reprezentován Burzou cenných papírů Praha a.s. a jejím nejlikvidnějším a nejobjemnějším segmentem SPAD.</marc:subfield>
                        <marc:subfield code="9">cze</marc:subfield>
                    </marc:datafield>
                    <marc:datafield tag="650" ind1="1" ind2="7">
                        <marc:subfield code="a">trh akcií</marc:subfield>
                        <marc:subfield code="j">stock market</marc:subfield>
                        <marc:subfield code="0">http://psh.ntkcz.cz/skos/PSH1262</marc:subfield>
                        <marc:subfield code="2">PSH</marc:subfield>
                    </marc:datafield>
                    <marc:datafield tag="650" ind1="1" ind2="7">
                        <marc:subfield code="a">indikátory</marc:subfield>
                        <marc:subfield code="j">indicators</marc:subfield>
                        <marc:subfield code="0">http://psh.ntkcz.cz/skos/PSH5671</marc:subfield>
                        <marc:subfield code="2">PSH</marc:subfield>
                    </marc:datafield>
                    <marc:datafield tag="653" ind1=" " ind2=" ">
                        <marc:subfield code="a">použitelnost</marc:subfield>
                    </marc:datafield>
                    <marc:datafield tag="653" ind1=" " ind2=" ">
                        <marc:subfield code="a">aplikace</marc:subfield>
                    </marc:datafield>
                    <marc:datafield tag="653" ind1=" " ind2=" ">
                        <marc:subfield code="a">burza</marc:subfield>
                    </marc:datafield>
                    <marc:datafield tag="653" ind1=" " ind2=" ">
                        <marc:subfield code="a">akcie</marc:subfield>
                    </marc:datafield>
                    <marc:datafield tag="653" ind1=" " ind2=" ">
                        <marc:subfield code="a">technické indikátory</marc:subfield>
                    </marc:datafield>
                    <marc:datafield tag="653" ind1=" " ind2=" ">
                        <marc:subfield code="a">technická analýza</marc:subfield>
                    </marc:datafield>
                    <marc:datafield tag="656" ind1=" " ind2="7">
                        <marc:subfield code="a">Kvantitativní metody v ekonomice/Statistické a pojistné inženýrství</marc:subfield>
                    </marc:datafield>
                    <marc:datafield tag="720" ind1=" " ind2=" ">
                        <marc:subfield code="a">Krkoška, Jakub</marc:subfield>
                    </marc:datafield>
                    <marc:datafield tag="720" ind1=" " ind2=" ">
                        <marc:subfield code="i">Trešl, Jiří</marc:subfield>
                        <marc:subfield code="e">advisor</marc:subfield>
                    </marc:datafield>
                    <marc:datafield tag="720" ind1=" " ind2=" ">
                        <marc:subfield code="i">Vávra, Marián</marc:subfield>
                        <marc:subfield code="e">referee</marc:subfield>
                    </marc:datafield>
                    <marc:datafield tag="856" ind1="4" ind2="0">
                        <marc:subfield code="u">http://www.vse.cz/vskp/eid/111</marc:subfield>
                        <marc:subfield code="z">Odkaz na původní záznam</marc:subfield>
                    </marc:datafield>
                    <marc:datafield tag="856" ind1="4" ind2="0">
                        <marc:subfield code="u">http://www.nusl.cz/ntk/nusl-59</marc:subfield>
                        <marc:subfield code="z">PID NUŠL</marc:subfield>
                    </marc:datafield>
                    <marc:datafield tag="909" ind1="C" ind2="O">
                        <marc:subfield code="o">oai:invenio.nusl.cz:59</marc:subfield>
                        <marc:subfield code="p">etds</marc:subfield>
                        <marc:subfield code="p">openaire</marc:subfield>
                        <marc:subfield code="p">global</marc:subfield>
                        <marc:subfield code="p">opengrey</marc:subfield>
                        <marc:subfield code="p">licensed</marc:subfield>
                    </marc:datafield>
                    <marc:datafield tag="980" ind1=" " ind2=" ">
                        <marc:subfield code="a">diplomove_prace</marc:subfield>
                    </marc:datafield>
                    <marc:datafield tag="996" ind1=" " ind2=" ">
                        <marc:subfield code="a">Dostupné v digitálním repozitáři VŠE.</marc:subfield>
                        <marc:subfield code="b">Available in the digital repository of the University of Economics, Prague.</marc:subfield>
                        <marc:subfield code="9">1</marc:subfield>
                    </marc:datafield>
                    <marc:datafield tag="998" ind1=" " ind2=" ">
                        <marc:subfield code="a">vysoka_skola_ekonomicka_v_praze</marc:subfield>
                    </marc:datafield>
                </marc:record>
            </metadata>
        </record>