
        <record>
            <header>
                <identifier>oai:invenio.nusl.cz:81</identifier>
                <datestamp>2017-06-29T09:15:14Z</datestamp>
                <setSpec>licensed</setSpec>
                <setSpec>opengrey</setSpec>
                <setSpec>global</setSpec>
                <setSpec>openaire</setSpec>
                <setSpec>etds</setSpec>
            </header>
            <metadata>
                <marc:record xmlns:marc="http://www.loc.gov/MARC21/slim" xmlns:xsi="http://www.w3.org/2001/XMLSchema-instance" xsi:schemaLocation="http://www.loc.gov/MARC21/slim http://www.loc.gov/standards/marcxml/schema/MARC21slim.xsd" type="Bibliographic">
                    <marc:leader>00000coc  2200000uu 4500</marc:leader>
                    <marc:controlfield tag="001">81</marc:controlfield>
                    <marc:controlfield tag="005">20170629111514.0</marc:controlfield>
                    <marc:datafield tag="035" ind1=" " ind2=" ">
                        <marc:subfield code="a">oai:vse.cz:vskp/144</marc:subfield>
                    </marc:datafield>
                    <marc:datafield tag="041" ind1="0" ind2="7">
                        <marc:subfield code="a">cze</marc:subfield>
                    </marc:datafield>
                    <marc:datafield tag="046" ind1=" " ind2=" ">
                        <marc:subfield code="k">2006-06-05</marc:subfield>
                        <marc:subfield code="j">2009-07-15</marc:subfield>
                    </marc:datafield>
                    <marc:datafield tag="245" ind1="0" ind2="0">
                        <marc:subfield code="a">Změny obchodních modelů v souvislosti s aplikacemi mobilního obchodování</marc:subfield>
                    </marc:datafield>
                    <marc:datafield tag="260" ind1=" " ind2=" ">
                        <marc:subfield code="b">Vysoká škola ekonomická v Praze</marc:subfield>
                    </marc:datafield>
                    <marc:datafield tag="502" ind1=" " ind2=" ">
                        <marc:subfield code="a">2006-06-22</marc:subfield>
                        <marc:subfield code="b">Ph.D.</marc:subfield>
                        <marc:subfield code="c">Vysoká škola ekonomická v Praze</marc:subfield>
                        <marc:subfield code="g">Doktorský studijní program</marc:subfield>
                    </marc:datafield>
                    <marc:datafield tag="520" ind1=" " ind2=" ">
                        <marc:subfield code="a">Práce vznikla jako reakce na masivní rozvoj mobilních technologií, přičemž většina podniků přistupuje k implementaci živelně, bez potřebné analýzy současného prostředí a bez realizace komplexních změn v jejich podnikání tak, aby využily všech výhod mobilního prostředí. Cílem práce je analyzovat možnosti podniků při aplikaci mobilního obchodování do jejich systémů a procesů. Práce ukazuje jak komplexně řešit změny v přístupu podniku, v jeho obchodních modelech, ve vztahu k projektům, procesům i zákazníkům tak, aby podniky maximálně využily potenciálu mobilního podnikání. Zároveň si klade za cíl být návodem pro implementaci mobilních řešení v podniku tak, aby podnik maximalizoval užitek ze zavedení mobilních řešení a zároveň tato řešení vycházela ze současného stavu a z potřeb podniku. Práce se zde soustřeďuje hlavně na změny procesů, metrik, personální politiky a architektury informačních systémů a poukazuje na faktory úspěšnosti mobilních projektů. Cílem práce je zároveň vyplnit mezeru v odborné literatuře, kdy ve většině prací chybí propojení technologického pohledu na obchodního, tedy mobilních technologií se zaměřením na jejich komerční využití v praxi a budoucí rozvoj těchto technologií opět s ohledem na jejich obchodní využití. Mezi další cíle patří vymezení terminologie mobilního podnikání a analýza silných a slabých stránek jednotlivých technologií pro jejich využití. Práce je členěna do tří logických částí, do části definiční, analytické a aplikační. V části definiční se na základě odborné literatury vymezuje předmět řešení a definují základní pojmy oblasti mobilního podnikání. Část závěrů a definic vznikla vlastním odvozením na základě dostupných teoretických zdrojů obchodních modelů, mobilního podnikání, či teorií internetového podnikání z univerzit v ČR, Evropě (zejména v Německu a Švýcarsku) i USA. Analytická část ukazuje současný stav mobilních technologií a zároveň i analýzu možností těchto technologií. Základem a přínosem je zde právě analýza těchto technologí a jejich vztah k jednotlivým obchodním modelům, jsou zde také hodnoceny i jednotlivé modely a jejich připravenost na mobilní obchodování. Součástí aplikační části je vlastní návrh konkrétních změn v podniku u jednotlivých obchodních modelů a to nikoliv pouze změn technologických, ale jejich integrace se změnami procesními, personálními a změnami metrik tak, aby se úspěšně implementovaly všechny výhody mobilního podnikání. Jádrem práce jsou tedy návrhy holistických změn v podniku. Tyto změny vychází z mých návrhů, které byly následně modifikovány pří práci ve fokusních skupinách projektových manažerů mobilních řešení, část (hlavně komplexní řešení změn) vychází z vlastních výzkumů a zkušeností, které byly následně prověřeny implementací v praxi v českých i mezinárodních podnicích. Celá tato doporučení jsou zasazena i do kontextu právního rámce a jsou zde zohledněny i významy pro jednotlivé faktory úspěšnosti imlplementace mobilních řešení u každého z obchodních modelů. Tyto faktory vycházejí z analýzy fokusních skupin a dotazování oborníků z praxe. Práce by tedy měla hlavně sloužit jako metodický podklad pro změnu v jednotlivých obchodních modelech podnikání a zároveň sloužit jako teoretický základ pro oblast mobilního podnikání a to zejména doplněním odborné literatury o chybějící témata.</marc:subfield>
                        <marc:subfield code="9">cze</marc:subfield>
                    </marc:datafield>
                    <marc:datafield tag="650" ind1="1" ind2="7">
                        <marc:subfield code="a">mezinárodní podnik</marc:subfield>
                        <marc:subfield code="j">international company</marc:subfield>
                        <marc:subfield code="0">http://psh.ntkcz.cz/skos/PSH1503</marc:subfield>
                        <marc:subfield code="2">PSH</marc:subfield>
                    </marc:datafield>
                    <marc:datafield tag="650" ind1="1" ind2="7">
                        <marc:subfield code="a">podnik</marc:subfield>
                        <marc:subfield code="j">enterprise</marc:subfield>
                        <marc:subfield code="0">http://psh.ntkcz.cz/skos/PSH1221</marc:subfield>
                        <marc:subfield code="2">PSH</marc:subfield>
                    </marc:datafield>
                    <marc:datafield tag="656" ind1=" " ind2="7">
                        <marc:subfield code="a">Aplikovaná informatika/Informatika</marc:subfield>
                    </marc:datafield>
                    <marc:datafield tag="720" ind1=" " ind2=" ">
                        <marc:subfield code="a">Šafka, Jan</marc:subfield>
                    </marc:datafield>
                    <marc:datafield tag="720" ind1=" " ind2=" ">
                        <marc:subfield code="i">Pour, Jan</marc:subfield>
                        <marc:subfield code="e">advisor</marc:subfield>
                    </marc:datafield>
                    <marc:datafield tag="720" ind1=" " ind2=" ">
                        <marc:subfield code="i">Molnár, Zdeněk</marc:subfield>
                        <marc:subfield code="e">referee</marc:subfield>
                    </marc:datafield>
                    <marc:datafield tag="720" ind1=" " ind2=" ">
                        <marc:subfield code="i">Zralý, Martin</marc:subfield>
                        <marc:subfield code="e">referee</marc:subfield>
                    </marc:datafield>
                    <marc:datafield tag="856" ind1="4" ind2="0">
                        <marc:subfield code="u">http://www.vse.cz/vskp/eid/144</marc:subfield>
                        <marc:subfield code="z">Odkaz na původní záznam</marc:subfield>
                    </marc:datafield>
                    <marc:datafield tag="856" ind1="4" ind2="0">
                        <marc:subfield code="u">http://www.nusl.cz/ntk/nusl-81</marc:subfield>
                        <marc:subfield code="z">PID NUŠL</marc:subfield>
                    </marc:datafield>
                    <marc:datafield tag="909" ind1="C" ind2="O">
                        <marc:subfield code="o">oai:invenio.nusl.cz:81</marc:subfield>
                        <marc:subfield code="p">etds</marc:subfield>
                        <marc:subfield code="p">openaire</marc:subfield>
                        <marc:subfield code="p">global</marc:subfield>
                        <marc:subfield code="p">opengrey</marc:subfield>
                        <marc:subfield code="p">licensed</marc:subfield>
                    </marc:datafield>
                    <marc:datafield tag="980" ind1=" " ind2=" ">
                        <marc:subfield code="a">disertacni_prace</marc:subfield>
                    </marc:datafield>
                    <marc:datafield tag="996" ind1=" " ind2=" ">
                        <marc:subfield code="a">Dostupné v digitálním repozitáři VŠE.</marc:subfield>
                        <marc:subfield code="b">Available in the digital repository of the University of Economics, Prague.</marc:subfield>
                        <marc:subfield code="9">1</marc:subfield>
                    </marc:datafield>
                    <marc:datafield tag="998" ind1=" " ind2=" ">
                        <marc:subfield code="a">vysoka_skola_ekonomicka_v_praze</marc:subfield>
                    </marc:datafield>
                </marc:record>
            </metadata>
        </record>