
        <record>
            <header>
                <identifier>oai:invenio.nusl.cz:131</identifier>
                <datestamp>2017-06-29T09:15:17Z</datestamp>
                <setSpec>licensed</setSpec>
                <setSpec>opengrey</setSpec>
                <setSpec>global</setSpec>
                <setSpec>openaire</setSpec>
            </header>
            <metadata>
                <marc:record xmlns:marc="http://www.loc.gov/MARC21/slim" xmlns:xsi="http://www.w3.org/2001/XMLSchema-instance" xsi:schemaLocation="http://www.loc.gov/MARC21/slim http://www.loc.gov/standards/marcxml/schema/MARC21slim.xsd" type="Bibliographic">
                    <marc:leader>00000coc  2200000uu 4500</marc:leader>
                    <marc:controlfield tag="001">131</marc:controlfield>
                    <marc:controlfield tag="005">20170629111517.0</marc:controlfield>
                    <marc:datafield tag="035" ind1=" " ind2=" ">
                        <marc:subfield code="a">oai:vse.cz:vskp/291</marc:subfield>
                    </marc:datafield>
                    <marc:datafield tag="041" ind1="0" ind2="7">
                        <marc:subfield code="a">cze</marc:subfield>
                    </marc:datafield>
                    <marc:datafield tag="046" ind1=" " ind2=" ">
                        <marc:subfield code="k">2006-06-30</marc:subfield>
                        <marc:subfield code="j">2012-04-30</marc:subfield>
                    </marc:datafield>
                    <marc:datafield tag="245" ind1="0" ind2="0">
                        <marc:subfield code="a">Outsourcing v zahraničním obchodě (vybrané problémy)</marc:subfield>
                    </marc:datafield>
                    <marc:datafield tag="260" ind1=" " ind2=" ">
                        <marc:subfield code="b">Vysoká škola ekonomická v Praze</marc:subfield>
                    </marc:datafield>
                    <marc:datafield tag="502" ind1=" " ind2=" ">
                        <marc:subfield code="a">2006-08-31</marc:subfield>
                        <marc:subfield code="b">Bc.</marc:subfield>
                        <marc:subfield code="c">Vysoká škola ekonomická v Praze</marc:subfield>
                        <marc:subfield code="g">Bakalářský studijní program</marc:subfield>
                    </marc:datafield>
                    <marc:datafield tag="520" ind1=" " ind2=" ">
                        <marc:subfield code="a">Předmětem častých diskusí posledních několika desetiletí se stal pojem outsourcing, tedy využití externí firmy pro zpracování vedlejších či podpůrných firemních činností. Outsourcing může být aplikován v celém spektru činností firmy, od zajištění služeb až po zajišťování téměř celého procesu výroby. V této práci přiblížím právě tu oblast, která se týká outsourcingu služeb. V českém jazyce dosud neexistuje žádná publikace, která by čtenáře komplexně informovala o problematice outsourcingu. Snaha vyplnit nebo alespoň zmenšit tuto mezeru, tedy vytvořit o tomto tématu ucelený text, je hlavním cílem této práce. V její úvodní části se budu soustřeďovat na vymezení pojmu outsourcingu, na jeho stručnou historii a rozdělení podle v současnosti nejčastěji vyčleňovaných činností. Dále se zaměřím na důvody, na základě kterých se společnosti rozhodují vyčleňovat svoje podnikové procesy, stejně tak jako na rizika s tím spojená. V další části práce popíšu jednotlivé fáze celého outsourcingového procesu a jejich význam pro úspěšné fungování spolupráce zadavatele a poskytovale outsourcingových služeb. Předposlední část obsahuje srovnání a názory představitelů amerických a evropských společností na předmět, efektivitu a intenzitu outsourcingových služeb. Pro téma outsourcingu jsem se nerozhodla náhodou. Před časem jsem získala zaměstnání ve velké mezinárodní společnosti poskytující outsourcingové služby. To byl okamžik, kdy jsem se o tuto oblast začala aktivně zajímat. Zkušenosti, které jsem v tomto zaměstnání získala, se odrážejí v poslední části práce ? konkrétním příkladu fungování outsourcingového projektu z pohledu poskytovatele. Problematika outsourcingu je velmi rozsáhlá, a proto v této práci nemohou být obsaženy všechny aspekty, které zahrnuje. Obsahuje kromě komplexního pohledu na toto téma pouze některé problémy, vybrané s přihlédnutím k jejich aktuálnosti a frekvenci výskytu.</marc:subfield>
                        <marc:subfield code="9">cze</marc:subfield>
                    </marc:datafield>
                    <marc:datafield tag="650" ind1="1" ind2="7">
                        <marc:subfield code="a">služby</marc:subfield>
                        <marc:subfield code="j">community services</marc:subfield>
                        <marc:subfield code="0">http://psh.ntkcz.cz/skos/PSH1389</marc:subfield>
                        <marc:subfield code="2">PSH</marc:subfield>
                    </marc:datafield>
                    <marc:datafield tag="650" ind1="1" ind2="7">
                        <marc:subfield code="a">vyučovací předměty</marc:subfield>
                        <marc:subfield code="j">subjects</marc:subfield>
                        <marc:subfield code="0">http://psh.ntkcz.cz/skos/PSH8230</marc:subfield>
                        <marc:subfield code="2">PSH</marc:subfield>
                    </marc:datafield>
                    <marc:datafield tag="656" ind1=" " ind2="7">
                        <marc:subfield code="a">Mezinárodní ekonomické vztahy/Mezinárodní obchod</marc:subfield>
                    </marc:datafield>
                    <marc:datafield tag="720" ind1=" " ind2=" ">
                        <marc:subfield code="a">Břenková, Andrea</marc:subfield>
                    </marc:datafield>
                    <marc:datafield tag="720" ind1=" " ind2=" ">
                        <marc:subfield code="i">Jelínková, Eva</marc:subfield>
                        <marc:subfield code="e">advisor</marc:subfield>
                    </marc:datafield>
                    <marc:datafield tag="856" ind1="4" ind2="0">
                        <marc:subfield code="u">http://www.vse.cz/vskp/eid/291</marc:subfield>
                        <marc:subfield code="z">Odkaz na původní záznam</marc:subfield>
                    </marc:datafield>
                    <marc:datafield tag="856" ind1="4" ind2="0">
                        <marc:subfield code="u">http://www.nusl.cz/ntk/nusl-131</marc:subfield>
                        <marc:subfield code="z">PID NUŠL</marc:subfield>
                    </marc:datafield>
                    <marc:datafield tag="909" ind1="C" ind2="O">
                        <marc:subfield code="o">oai:invenio.nusl.cz:131</marc:subfield>
                        <marc:subfield code="p">openaire</marc:subfield>
                        <marc:subfield code="p">global</marc:subfield>
                        <marc:subfield code="p">opengrey</marc:subfield>
                        <marc:subfield code="p">licensed</marc:subfield>
                        <marc:subfield code="q">etds</marc:subfield>
                    </marc:datafield>
                    <marc:datafield tag="980" ind1=" " ind2=" ">
                        <marc:subfield code="a">bakalarske_prace</marc:subfield>
                    </marc:datafield>
                    <marc:datafield tag="996" ind1=" " ind2=" ">
                        <marc:subfield code="a">Dostupné v digitálním repozitáři VŠE.</marc:subfield>
                        <marc:subfield code="b">Available in the digital repository of the University of Economics, Prague.</marc:subfield>
                        <marc:subfield code="9">1</marc:subfield>
                    </marc:datafield>
                    <marc:datafield tag="998" ind1=" " ind2=" ">
                        <marc:subfield code="a">vysoka_skola_ekonomicka_v_praze</marc:subfield>
                    </marc:datafield>
                </marc:record>
            </metadata>
        </record>