
        <record>
            <header>
                <identifier>oai:invenio.nusl.cz:139</identifier>
                <datestamp>2017-06-29T09:15:17Z</datestamp>
                <setSpec>licensed</setSpec>
                <setSpec>opengrey</setSpec>
                <setSpec>global</setSpec>
                <setSpec>openaire</setSpec>
                <setSpec>etds</setSpec>
            </header>
            <metadata>
                <marc:record xmlns:marc="http://www.loc.gov/MARC21/slim" xmlns:xsi="http://www.w3.org/2001/XMLSchema-instance" xsi:schemaLocation="http://www.loc.gov/MARC21/slim http://www.loc.gov/standards/marcxml/schema/MARC21slim.xsd" type="Bibliographic">
                    <marc:leader>00000coc  2200000uu 4500</marc:leader>
                    <marc:controlfield tag="001">139</marc:controlfield>
                    <marc:controlfield tag="005">20170629111517.0</marc:controlfield>
                    <marc:datafield tag="035" ind1=" " ind2=" ">
                        <marc:subfield code="a">oai:vse.cz:vskp/316</marc:subfield>
                    </marc:datafield>
                    <marc:datafield tag="041" ind1="0" ind2="7">
                        <marc:subfield code="a">cze</marc:subfield>
                    </marc:datafield>
                    <marc:datafield tag="046" ind1=" " ind2=" ">
                        <marc:subfield code="k">2006-08-01</marc:subfield>
                        <marc:subfield code="j">2012-04-30</marc:subfield>
                    </marc:datafield>
                    <marc:datafield tag="245" ind1="0" ind2="0">
                        <marc:subfield code="a">Porovnání české a maďarské transformace v 90. letech 20. století</marc:subfield>
                    </marc:datafield>
                    <marc:datafield tag="260" ind1=" " ind2=" ">
                        <marc:subfield code="b">Vysoká škola ekonomická v Praze</marc:subfield>
                    </marc:datafield>
                    <marc:datafield tag="502" ind1=" " ind2=" ">
                        <marc:subfield code="a">2006-10-04</marc:subfield>
                        <marc:subfield code="b">Ing.</marc:subfield>
                        <marc:subfield code="c">Vysoká škola ekonomická v Praze</marc:subfield>
                        <marc:subfield code="g">Magisterský studijní program</marc:subfield>
                    </marc:datafield>
                    <marc:datafield tag="520" ind1=" " ind2=" ">
                        <marc:subfield code="a">Tato diplomová práce se zabývá porovnáním transformačního procesu v České republice a v Maďarsku během 90. let 20. století. Konkrétně rozebírá problém liberalizace cen a liberalizace zahraničního obchodu, privatizaci, změny právního rámce a institucionálního prostředí, strukturální změny a reformy daňového systému a systému sociálního zabezpečení.</marc:subfield>
                        <marc:subfield code="9">cze</marc:subfield>
                    </marc:datafield>
                    <marc:datafield tag="650" ind1="1" ind2="7">
                        <marc:subfield code="a">společenský systém</marc:subfield>
                        <marc:subfield code="j">social system</marc:subfield>
                        <marc:subfield code="0">http://psh.ntkcz.cz/skos/PSH9602</marc:subfield>
                        <marc:subfield code="2">PSH</marc:subfield>
                    </marc:datafield>
                    <marc:datafield tag="650" ind1="1" ind2="7">
                        <marc:subfield code="a">mezinárodní obchod</marc:subfield>
                        <marc:subfield code="j">international trade</marc:subfield>
                        <marc:subfield code="0">http://psh.ntkcz.cz/skos/PSH1502</marc:subfield>
                        <marc:subfield code="2">PSH</marc:subfield>
                    </marc:datafield>
                    <marc:datafield tag="656" ind1=" " ind2="7">
                        <marc:subfield code="a">Hospodářská politika a správa/Národní hospodářství</marc:subfield>
                    </marc:datafield>
                    <marc:datafield tag="720" ind1=" " ind2=" ">
                        <marc:subfield code="a">Kotková, Hana</marc:subfield>
                    </marc:datafield>
                    <marc:datafield tag="720" ind1=" " ind2=" ">
                        <marc:subfield code="i">Ševčík, Miroslav</marc:subfield>
                        <marc:subfield code="e">advisor</marc:subfield>
                    </marc:datafield>
                    <marc:datafield tag="720" ind1=" " ind2=" ">
                        <marc:subfield code="i">Váňa, Daniel</marc:subfield>
                        <marc:subfield code="e">referee</marc:subfield>
                    </marc:datafield>
                    <marc:datafield tag="856" ind1="4" ind2="0">
                        <marc:subfield code="u">http://www.vse.cz/vskp/eid/316</marc:subfield>
                        <marc:subfield code="z">Odkaz na původní záznam</marc:subfield>
                    </marc:datafield>
                    <marc:datafield tag="856" ind1="4" ind2="0">
                        <marc:subfield code="u">http://www.nusl.cz/ntk/nusl-139</marc:subfield>
                        <marc:subfield code="z">PID NUŠL</marc:subfield>
                    </marc:datafield>
                    <marc:datafield tag="909" ind1="C" ind2="O">
                        <marc:subfield code="o">oai:invenio.nusl.cz:139</marc:subfield>
                        <marc:subfield code="p">etds</marc:subfield>
                        <marc:subfield code="p">openaire</marc:subfield>
                        <marc:subfield code="p">global</marc:subfield>
                        <marc:subfield code="p">opengrey</marc:subfield>
                        <marc:subfield code="p">licensed</marc:subfield>
                    </marc:datafield>
                    <marc:datafield tag="980" ind1=" " ind2=" ">
                        <marc:subfield code="a">diplomove_prace</marc:subfield>
                    </marc:datafield>
                    <marc:datafield tag="996" ind1=" " ind2=" ">
                        <marc:subfield code="a">Dostupné v digitálním repozitáři VŠE.</marc:subfield>
                        <marc:subfield code="b">Available in the digital repository of the University of Economics, Prague.</marc:subfield>
                        <marc:subfield code="9">1</marc:subfield>
                    </marc:datafield>
                    <marc:datafield tag="998" ind1=" " ind2=" ">
                        <marc:subfield code="a">vysoka_skola_ekonomicka_v_praze</marc:subfield>
                    </marc:datafield>
                </marc:record>
            </metadata>
        </record>