
        <record>
            <header>
                <identifier>oai:invenio.nusl.cz:188</identifier>
                <datestamp>2017-06-29T09:15:19Z</datestamp>
                <setSpec>licensed</setSpec>
                <setSpec>global</setSpec>
                <setSpec>openaire</setSpec>
                <setSpec>etds</setSpec>
            </header>
            <metadata>
                <marc:record xmlns:marc="http://www.loc.gov/MARC21/slim" xmlns:xsi="http://www.w3.org/2001/XMLSchema-instance" xsi:schemaLocation="http://www.loc.gov/MARC21/slim http://www.loc.gov/standards/marcxml/schema/MARC21slim.xsd" type="Bibliographic">
                    <marc:leader>00000coc  2200000uu 4500</marc:leader>
                    <marc:controlfield tag="001">188</marc:controlfield>
                    <marc:controlfield tag="005">20170629111519.0</marc:controlfield>
                    <marc:datafield tag="035" ind1=" " ind2=" ">
                        <marc:subfield code="a">oai:vse.cz:vskp/387</marc:subfield>
                    </marc:datafield>
                    <marc:datafield tag="041" ind1="0" ind2="7">
                        <marc:subfield code="a">cze</marc:subfield>
                    </marc:datafield>
                    <marc:datafield tag="046" ind1=" " ind2=" ">
                        <marc:subfield code="k">2006-08-01</marc:subfield>
                        <marc:subfield code="j">2012-04-30</marc:subfield>
                    </marc:datafield>
                    <marc:datafield tag="245" ind1="0" ind2="0">
                        <marc:subfield code="a">Ekonomické dopady rozšíření EU na vybrané transformační ekonomiky</marc:subfield>
                        <marc:subfield code="b">The economic impact of EU enlargement on chosen economies in transition</marc:subfield>
                    </marc:datafield>
                    <marc:datafield tag="260" ind1=" " ind2=" ">
                        <marc:subfield code="b">Vysoká škola ekonomická v Praze</marc:subfield>
                    </marc:datafield>
                    <marc:datafield tag="502" ind1=" " ind2=" ">
                        <marc:subfield code="a">2007-01-23</marc:subfield>
                        <marc:subfield code="b">Ing.</marc:subfield>
                        <marc:subfield code="c">Vysoká škola ekonomická v Praze</marc:subfield>
                        <marc:subfield code="g">Magisterský studijní program</marc:subfield>
                    </marc:datafield>
                    <marc:datafield tag="520" ind1=" " ind2=" ">
                        <marc:subfield code="a">V práci je porovnána situace České republiky a bývalého východního Německa. Srovnání a zhodnocení procesu transformace obou centrálně plánovaných ekonomik. Vyvození možných hospodářských důsledků (například při přistoupení k euru) pro Českou republiku na základě zkušeností bývalého východního Německa z měnové unie se SRN.</marc:subfield>
                        <marc:subfield code="9">cze</marc:subfield>
                    </marc:datafield>
                    <marc:datafield tag="653" ind1=" " ind2=" ">
                        <marc:subfield code="a">transformace</marc:subfield>
                    </marc:datafield>
                    <marc:datafield tag="653" ind1=" " ind2=" ">
                        <marc:subfield code="a">srovnání ČR a nových spolkových zemí</marc:subfield>
                    </marc:datafield>
                    <marc:datafield tag="653" ind1=" " ind2=" ">
                        <marc:subfield code="a">NDR</marc:subfield>
                    </marc:datafield>
                    <marc:datafield tag="653" ind1=" " ind2=" ">
                        <marc:subfield code="a">cenová hladina</marc:subfield>
                    </marc:datafield>
                    <marc:datafield tag="653" ind1=" " ind2=" ">
                        <marc:subfield code="a">Euro</marc:subfield>
                    </marc:datafield>
                    <marc:datafield tag="656" ind1=" " ind2="7">
                        <marc:subfield code="a">Mezinárodní ekonomické vztahy/Evropská integrace</marc:subfield>
                    </marc:datafield>
                    <marc:datafield tag="720" ind1=" " ind2=" ">
                        <marc:subfield code="a">Hornová, Jolana</marc:subfield>
                    </marc:datafield>
                    <marc:datafield tag="720" ind1=" " ind2=" ">
                        <marc:subfield code="i">Komárková, Ingeborg</marc:subfield>
                        <marc:subfield code="e">advisor</marc:subfield>
                    </marc:datafield>
                    <marc:datafield tag="720" ind1=" " ind2=" ">
                        <marc:subfield code="i">Slonková, Vlasta</marc:subfield>
                        <marc:subfield code="e">referee</marc:subfield>
                    </marc:datafield>
                    <marc:datafield tag="856" ind1="4" ind2="0">
                        <marc:subfield code="u">http://www.vse.cz/vskp/eid/387</marc:subfield>
                        <marc:subfield code="z">Odkaz na původní záznam</marc:subfield>
                    </marc:datafield>
                    <marc:datafield tag="856" ind1="4" ind2="0">
                        <marc:subfield code="u">http://www.nusl.cz/ntk/nusl-188</marc:subfield>
                        <marc:subfield code="z">PID NUŠL</marc:subfield>
                    </marc:datafield>
                    <marc:datafield tag="909" ind1="C" ind2="O">
                        <marc:subfield code="o">oai:invenio.nusl.cz:188</marc:subfield>
                        <marc:subfield code="p">etds</marc:subfield>
                        <marc:subfield code="p">openaire</marc:subfield>
                        <marc:subfield code="p">global</marc:subfield>
                        <marc:subfield code="p">licensed</marc:subfield>
                    </marc:datafield>
                    <marc:datafield tag="980" ind1=" " ind2=" ">
                        <marc:subfield code="a">diplomove_prace</marc:subfield>
                    </marc:datafield>
                    <marc:datafield tag="996" ind1=" " ind2=" ">
                        <marc:subfield code="a">Dostupné v digitálním repozitáři VŠE.</marc:subfield>
                        <marc:subfield code="b">Available in the digital repository of the University of Economics, Prague.</marc:subfield>
                        <marc:subfield code="9">1</marc:subfield>
                    </marc:datafield>
                    <marc:datafield tag="998" ind1=" " ind2=" ">
                        <marc:subfield code="a">vysoka_skola_ekonomicka_v_praze</marc:subfield>
                    </marc:datafield>
                </marc:record>
            </metadata>
        </record>